2044 3094
1669 327 1746 368 Χῖ

326 419 499 458 vmum
531 394 862 459 devenerat
891 395 958 458 in
996 409 1201 459 rerum
1226 400 1515 464 omnium
1545 401 1746 467 discri-

324 521 471 560 men
496 548 511 573 ‚
555 518 675 560 una
709 518 849 559 cum
884 499 1121 575 Matre,
1158 503 1456 568 Faemina
1509 503 1746 569 sanctis-

321 598 467 662 fima
498 648 514 673 ‚
559 615 620 661 et
661 595 1424 680 nobiliffimaltalicarum‚
1456 605 1535 668 de
1583 609 1742 671 avita

317 701 514 767 Insula
558 699 807 786 egredi,
852 700 1287 790 proximasque
1319 710 1456 769 oras
1503 709 1740 771 clancu-

313 809 440 869 lum
504 821 712 892 petere
769 805 1012 890 cogitur
1041 854 1055 868 .
1113 806 1266 869 Non
1312 808 1481 872 illum
1539 812 1738 896 Regio

308 910 483 973 Filio.
512 908 707 994 digna
751 931 987 997 pompa
1009 958 1026 983 ,
1068 932 1203 971 non
1238 910 1508 973 militum
1542 912 1736 998 agmi-

306 1035 390 1077 na
414 1011 670 1099 stipant,
704 1028 886 1097 atque
915 1028 1189 1086 tuentur,
1222 1009 1326 1075 sed
1347 1010 1518 1098 fuga,
1543 1011 1733 1101 squal-

305 1120 399 1181 lor
415 1167 430 1190 ‚
456 1132 766 1178 maternae
788 1113 1074 1174 lacrimae
1104 1114 1478 1177 comitantur
1494 1168 1507 1180 .
1527 1114 1731 1203 Ipsum

302 1224 480 1283 Pater
516 1218 711 1281 animi
754 1213 1096 1279 constantia
1144 1213 1513 1282 firmiffimus
1557 1221 1731 1282 dein-

299 1324 379 1386 de
429 1320 850 1409 consequitur‚
881 1319 988 1406 qui
1031 1319 1098 1381 in
1149 1322 1315 1384 exilii
1361 1322 1721 1401 acerbitate,

296 1426 704 1492 domesticum
724 1424 833 1489 fibi
850 1426 916 1487 in
934 1423 1159 1487 Uxoris
1174 1422 1522 1489 fortiffimae
1541 1427 1725 1493 socie-

295 1548 447 1605 tate,
481 1531 625 1592 etin
645 1526 966 1591 dulciffimi
987 1527 1127 1590 Filii
1159 1526 1361 1591 sancta
1391 1529 1717 1598 institutio-

292 1635 466 1694 tione
489 1629 781 1718 quaesivit
816 1629 1123 1694 solatium.
1154 1634 1232 1695 Et
1264 1629 1437 1708 sane,
1469 1639 1715 1722 egregia

287 1731 545 1797 Infantis
584 1732 831 1799 indoles
847 1784 863 1810 ,
883 1734 1101 1799 docilis
1119 1733 1359 1796 animus
1374 1784 1390 1809 ,
1413 1732 1714 1822 facileque

290 1835 365 1897 ad
400 1835 691 1900 virtutem
710 1837 994 1925 parabilis
1013 1886 1029 1910 ,
1053 1860 1312 1900 omnem
1330 1859 1712 1925 praevertere

282 1939 657 2005 videbantur
700 1958 991 2028 paternae
1041 1940 1301 2002 caritatis
1357 1939 1708 2006 sollicitudi-

281 2065 432 2107 nem
455 2093 469 2118 ,
501 2065 757 2107 omnem
805 2044 1053 2108 vincere
1092 2041 1420 2106 doctorum
1471 2065 1707 2110 curam.

282 2148 516 2210 Puerile
539 2147 711 2210 enim
732 2148 821 2209 nil
839 2148 904 2209 in
925 2169 1001 2210 eo
1026 2145 1362 2234 apparebat
1382 2197 1398 2221 ‚
1432 2148 1563 2212 imo
1579 2174 1704 2214 ma-

278 2272 403 2339 gna
422 2246 803 2335 aflurgebant
825 2254 1107 2337 germina
1131 2301 1147 2326 ,
1168 2252 1699 2342 pulcherrimaque

279 2354 544 2419 micabat
575 2351 708 2442 spes
758 2375 964 2418 earum
994 2357 1281 2420 virtutum
1302 2406 1317 2432 ,
1359 2380 1508 2444 quas
1550 2360 1614 2420 in
1647 2362 1707 2422 il-

276 2461 337 2523 lo
354 2457 590 2545 semper
614 2456 964 2525 mirabundi
990 2457 1358 2547 suspeximus
1375 2510 1389 2534 ,
1408 2483 1577 2523 nunc
1602 2483 1696 2522 au-

274 2580 400 2626 tem
429 2563 620 2638 luem,
669 2559 970 2648 sterilique
1001 2562 1428 2628 recordatione
1476 2587 1695 2630 concc-

1615 2673 1695 2734 le-
