2044 3094
1543 279 1701 323 xv11

295 341 531 422 liatur,
582 343 784 408 Terra
810 391 828 419 ‚
879 341 1181 430 Marique
1217 358 1315 407 tot
1350 346 1519 409 vitae
1541 351 1710 430 peri-

294 447 459 510 culis
493 446 802 511 obiicitur
821 495 839 522 ,
863 446 1360 513 calamitatibus
1384 448 1708 525 obruitur,

295 577 420 620 nec
454 572 692 618 tamen
727 552 995 638 aliquod
1035 552 1470 635 aegritudinis
1520 557 1591 616 in
1631 577 1707 617 eo

295 661 599 746 fignum,
647 656 920 723 nullum
961 655 1214 719 demisli
1264 661 1473 722 animi
1508 681 1710 744 appa-

296 783 392 830 ret
426 763 797 826 indicium!
841 760 1283 848 Quamquam
1325 760 1707 840 doloribus,

294 885 487 954 atque
511 869 850 930 aerumnis
893 871 1110 951 premi
1131 870 1200 931 in
1240 870 1425 931 terris
1460 869 1699 950 justOS‚

293 970 557 1060 piosque
603 975 776 1034 viros
830 969 978 1032 altis
1035 968 1115 1031 de
1163 972 1363 1034 causis
1414 970 1710 1058 aliquan-

294 1064 385 1126 do
423 1062 748 1125 Summus
781 1081 1003 1122 rerum
1039 1065 1354 1125 omnium
1402 1063 1710 1127 Modera-

293 1184 396 1231 tor
430 1167 775 1249 permittat
795 1213 813 1240 ‚
839 1161 1135 1226 infaustis
1176 1180 1411 1226 tamen
1435 1214 1452 1240 ‚
1478 1187 1711 1230 aman-

292 1267 508 1337 tissimi
531 1272 731 1357 patris
756 1291 941 1332 more
963 1319 980 1344 ‚
1029 1266 1329 1353 prospera
1360 1270 1708 1349 admiscet,

291 1393 363 1441 ut
413 1373 653 1438 fractos
702 1375 967 1436 animos
1018 1376 1264 1459 erigat,
1315 1390 1376 1436 et
1427 1374 1510 1436 ad
1560 1397 1710 1460 gra-

292 1484 475 1544 viora
503 1476 768 1541 ferenda
794 1479 1239 1562 promptiores
1264 1472 1501 1542 efficiat
1527 1527 1540 1540 .
1561 1478 1709 1542 Hac

293 1587 464 1647 mira
505 1579 799 1645 coelestis
838 1577 1304 1643 Providentiae
1345 1579 1530 1664 lege,
1574 1582 1711 1646 Bri-

297 1704 505 1752 tanno
525 1687 689 1770 Regi
713 1732 731 1760 ,
766 1686 835 1747 in
874 1681 1085 1746 media
1125 1681 1295 1747 exilii
1335 1684 1710 1763 acerbitate,

293 1796 474 1854 Uxor
514 1808 778 1877 paratur
830 1787 1144 1853 MARIA
1193 1788 1708 1854 CLEMENTI-

290 1894 424 1958 NA
478 1893 800 1958 lectissima
851 1893 1199 1969 foemina,
1253 1916 1451 1980 quam
1486 1897 1708 1982 Regio

291 1996 606 2083 sanguine
640 2017 851 2063 ortam
884 2047 902 2074 ,
966 1997 1367 2065 conciliante
1436 2003 1708 2085 nuptias

291 2102 658 2180 pontifice,
682 2100 900 2166 duxit.
949 2103 1129 2167 Haec
1164 2101 1406 2166 formae
1445 2102 1711 2189 elegan-

290 2206 402 2280 tia,
442 2205 672 2270 indolis
708 2205 1097 2280 liberalitate,
1138 2228 1377 2269 morum
1410 2206 1710 2268 innocen-

291 2308 374 2370 tia
405 2324 466 2369 et
498 2309 788 2371 comitate
810 2359 825 2385 ,
844 2327 904 2372 et
935 2308 1261 2397 praecipue
1286 2304 1611 2393 praestanti
1643 2307 1710 2367 in

290 2413 495 2475 Deum
533 2411 833 2497 religione
855 2462 869 2486 ‚
916 2411 1046 2475 Viri
1081 2409 1157 2472 ad
1192 2409 1480 2478 virtutem
1516 2404 1711 2471 recliss

291 2511 437 2578 lime
482 2517 820 2604 comparati
880 2535 1227 2580 moerorem
1265 2537 1524 2579 onmem
1561 2563 1575 2588 ,
1627 2529 1710 2575 at-

1588 2623 1705 2688 qUC
