2044 3094
312 293 480 336 xxiv

310 362 659 426 munionis
691 356 1046 443 myi'terii5‚
1067 358 1336 441 proprio
1361 361 1749 426 ministran-

309 481 373 530 te
408 461 873 552 religiosissimo
909 458 1102 533 Filio,
1138 455 1313 522 refici
1342 509 1360 536 ,
1401 481 1463 526 et
1500 465 1581 527 ad
1621 482 1747 531 tre..

307 569 646 634 mendam
695 564 1119 631 subeundam
1156 562 1405 630 laetam
1457 575 1738 634 armari!

310 676 594 737 Utinam
633 671 920 738 alterum
944 666 1425 734 nobilissimum
1476 694 1742 761 quoque

307 776 568 839 Natum
592 774 734 861 post
756 795 847 838 tot
880 796 1224 838 annorum
1255 774 1632 840 absentiam
1659 799 1751 841 re-

310 880 579 953 ducem,
602 878 744 964 post
785 896 882 944 tot
922 897 1172 956 metm,
1198 896 1300 944 tot
1327 878 1617 966 pericula
1650 883 1748 943 in-

310 984 655 1048 columem
687 982 1143 1070 conspexiflet!
1174 987 1451 1052 Utinam
1476 983 1575 1047 Illi
1610 984 1751 1071 glo-

310 1092 443 1152 riae
465 1085 606 1151 suae
643 1085 989 1163 heredem,
1032 1085 1567 1164 infortuniorum
1602 1110 1750 1175 par-

312 1196 576 1278 ticipem
617 1192 934 1276 amplecti
969 1242 987 1269 ‚
1051 1209 1114 1255 et
1165 1195 1338 1256 inter
1410 1193 1750 1258 castiffima

313 1303 452 1383 ejus
484 1294 700 1360 oscula
736 1294 971 1360 saltem
1009 1291 1288 1360 deficere
1321 1297 1558 1362 datum
1605 1299 1749 1364 fuis-

312 1406 433 1469 set!
472 1402 599 1463 Sed
639 1420 782 1466 non
835 1398 1133 1465 tulerunt
1197 1401 1423 1464 divina
1482 1403 1751 1467 consilia

314 1511 627 1574 animum
667 1504 1330 1583 innocentissimum,
1382 1524 1445 1570 et
1486 1513 1746 1593 penitus

312 1640 344 1680 a
380 1615 660 1678 terrenis
695 1609 892 1674 rebus
934 1610 1268 1688 avulsum,
1293 1610 1377 1674 ad
1422 1612 1749 1689 humana,

310 1739 373 1785 et
406 1715 661 1803 fragilia
710 1716 953 1781 retrahi
997 1766 1014 1792 ,
1070 1732 1133 1779 et
1170 1718 1471 1801 paternis
1505 1719 1752 1779 iterum

313 1823 652 1888 affedhbus
713 1843 825 1884 cor
861 1826 1008 1887 Deo
1062 1818 1350 1905 plenum
1398 1818 1746 1884 labefad’ta-

314 1933 402 1995 ri.
452 1928 644 1993 TIBI
692 1924 1137 2013 praesertim,
1187 1922 1741 1990 BEATISSIME

311 2033 615 2100 PATER
653 2081 672 2108 ‚
736 2049 878 2092 non
925 2023 1190 2091 difficile
1253 2025 1374 2089 fuit
1427 2025 1751 2091 summam

307 2142 456 2203 Viri
500 2137 960 2222 Religionem,
1004 2131 1577 2216 humanarumque
1646 2152 1750 2193 re-

313 2267 453 2308 rum
513 2256 977 2326 contemptum
1039 2232 1427 2321 dignoscere
1497 2257 1570 2297 ex
1637 2232 1749 2296 ob-

320 2346 643 2411 servantia
693 2343 803 2409 illa
853 2395 874 2423 ,
939 2360 1141 2429 atque
1199 2340 1379 2407 cultu
1426 2361 1749 2404 verecun-

318 2450 403 2512 do
435 2498 450 2524 ,
484 2448 702 2537 quibus
735 2449 851 2511 TE
879 2444 1190 2510 laetiffime
1214 2447 1457 2534 excepit
1488 2496 1501 2521 ,
1555 2467 1746 2532 quan-

315 2549 401 2615 do
449 2548 715 2639 graviter
779 2546 1265 2614 decumbentem
1329 2567 1587 2636 paterne
1651 2550 1744 2648 in-

1655 2660 1741 2701 vi—
