2044 3094
309 339 429 382 x1v

296 430 432 470 non
453 403 764 470 montium
783 400 1080 489 impervia
1112 399 1366 464 altitudo
1384 448 1400 474 ,
1425 399 1723 490 nivesque

300 528 504 595 prope
536 507 740 567 Coelo
770 504 1116 578 immixtae,
1142 527 1273 567 non
1305 504 1585 567 locorum
1607 506 1721 567 ini-

302 608 653 695 quitas,n0n
673 600 1013 691 desperatio
1035 604 1097 666 in
1118 604 1286 667 vultu
1309 601 1549 667 suorum
1572 605 1720 667 emi·

302 730 449 773 cans
465 707 733 794 Regium
748 707 1027 772 animum
1042 705 1436 794 prosternunt
1455 756 1471 782 ,
1496 726 1596 771 aut
1618 707 1723 771 de-

303 810 522 875 iiciunt
540 859 553 872 .
568 805 894 893 Postquam
912 806 992 869 ad
1015 825 1356 873 extremum
1373 808 1721 886 discrimen,

304 937 375 978 ac
413 935 611 1003 prope
647 910 989 1000 perniciem
1023 908 1362 976 deventum
1380 909 1495 987 est,
1526 934 1721 999 parvo

303 1032 591 1102 exceptus
612 1016 865 1100 navigio
897 1012 1156 1077 Oceano
1175 1014 1365 1078 vitam
1387 1062 1402 1088 ‚
1441 1011 1729 1077 fortunas-‘-

310 1142 440 1209 que
472 1118 616 1184 suas
648 1141 891 1186 omnes
916 1116 1727 1195 committit,innumeris-'-

308 1245 435 1312 que
476 1227 886 1312 contemptis
925 1221 1234 1311 periculis
1262 1271 1281 1299 ‚
1337 1221 1588 1285 Scotiae
1625 1219 1728 1285 lit-

306 1346 450 1394 tora
471 1327 779 1415 appellit.
829 1330 962 1411 Qi
986 1328 1126 1393 dies
1175 1327 1297 1391 fuit
1333 1323 1480 1401 ille,
1518 1346 1727 1411 quam

308 1435 518 1497 mirus
559 1431 889 1520 laetusque
912 1432 1090 1510 dies,
1129 1455 1263 1520 quo
1304 1431 1679 1517 expectatus
1711 1478 1733 1506 ,

312 1535 839 1625 defideratusque
888 1539 1205 1625 Regnum
1262 1531 1735 1619 suum-ingres:

306 1636 408 1704 sus
445 1639 569 1704 est!
610 1638 772 1706 Non
795 1658 964 1706 aetas
984 1664 1400 1730 quemquam
1418 1689 1437 1718 ,
1459 1660 1599 1703 non
1622 1661 1740 1704 va*

307 1742 535 1808 letudo
569 1792 589 1820 ,
621 1765 761 1807 non
798 1743 984 1808 sexus
1020 1746 1382 1810 retardavit
1408 1793 1430 1821 ,
1466 1746 1731 1829 quomi-

307 1868 436 1910 nus
471 1847 706 1911 oculos
729 1846 988 1913 insolito
1010 1845 1377 1936 specstaculo
1398 1843 1732 1931 impleret,

307 1971 380 2013 ac
428 1968 789 2016 recrearet.
840 1953 1188 2018 Refertum
1210 1952 1524 2040 gentibus
1554 1947 1736 2026 litus,

313 2052 550 2117 alacris
591 2054 894 2144 undique
935 2057 1222 2144 populus
1275 2054 1449 2120 felici
1486 2052 1738 2118 adven-

313 2161 407 2226 tui
464 2160 915 2245 gratulabatur
953 2211 967 2225 .
1033 2162 1158 2226 Sed
1197 2163 1460 2226 utinam
1496 2159 1618 2220 iter
1656 2150 1734 2216 il-

310 2261 427 2325 lud
468 2266 538 2326 in
588 2266 921 2343 Scotiam,
955 2260 1548 2352 ¹expeditionesque
1600 2274 1741 2319 non

314 2366 513 2432 semel
551 2367 871 2455 susceptae
906 2369 1169 2434 meliori
1203 2389 1352 2435 non<
1379 2358 1730 2430 caruissent

314 2471 622 2537 successu!
676 2473 793 2538 nifi
825 2477 1042 2540 verius
1063 2466 1431 2540 dicendum
1462 2520 1481 2548 ,
1506 2467 1738 2532 divino

316 2572 386 2651 id
407 2572 526 2641 effe
551 2576 817 2642 consilio
838 2579 1098 2666 gestum
1114 2628 1132 2656 ,
1156 2595 1226 2642 ut
1242 2580 1377 2642 Rex
1412 2574 1735 2637 omnium

1555 2679 1732 2724 amo-
