2044 3094
1474 229 1587 271 XX!
1619 234 1631 270 1
1659 233 1677 273 Ι

267 293 678 360 immortalia
726 292 900 357 bona
951 310 1292 359 convertat
1332 344 1350 372 ‚
1401 318 1688 382 quorum

265 398 454 462 causa
507 421 631 462 nos
693 403 889 461 unice
941 399 1251 463 conditos
1313 396 1430 461 esse
1480 423 1688 463 nave-

264 523 410 569 rat.
464 503 711 587 Culpas
762 502 959 567 deflet
1000 554 1019 580 ‚
1069 507 1526 590 poenitentiae
1575 510 1686 569 Sa-

265 606 1041 692 cramentovfreq-'uenter
1090 608 1399 695 abstergit
1431 661 1448 686 ,
1508 611 1686 697 spiti-

263 730 410 778 tum
446 711 633 778 suum
685 714 1250 799 enixisprecibus
1303 716 1446 780 Deo
1497 740 1685 780 com-

262 817 548 881 mendat
581 867 598 894 ‚
664 821 810 904 pias
863 819 1163 905 quotidie
1215 821 1397 885 audit
1460 822 1685 884 lecho—

261 943 382 984 nes
407 971 425 998 ,
477 920 758 989 Coelesti
790 923 969 986 Pane
1004 922 1189 1011 saepe
1231 925 1288 989 se
1332 925 1507 990 refici
1545 931 1685 992 eni-

254 1048 346 1089 -xe
376 1029 582 1112 petit.
637 1027 881 1107 Qae„
932 1048 1313 1116 quantaque
1364 1030 1684 1119 eloquen-

266 1138 391 1197 tiae
441 1136 541 1195 vis
594 1133 1031 1217 requireretur
1079 1138 1150 1195 in
1186 1135 1343 1212 illo,
1395 1143 1505 1223 qui
1530 1160 1684 1202 nar-

270 1257 409 1297 rare
452 1234 602 1298 heic
651 1237 852 1300 vellet
887 1286 905 1313 ,
961 1238 1199 1323 quibus
1248 1242 1404 1324 Ejus
1453 1246 1690 1328 pestus

260 1338 451 1402 sacris
475 1340 790 1407 aestuaret
844 1341 1208 1420 affeotibUS‚
1238 1347 1509 1431 quando
1533 1371 1684 1434 por-

263 1450 523 1529 rigente
566 1444 727 1509 filio
754 1447 1152 1512 Eboracenfi
1186 1453 1372 1513 Duce
1409 1452 1683 1527 ,Cardi-

257 1553 397 1616 nali
450 1552 901 1640 amplislimQ
936 1578 1116 1620 nunc
1165 1556 1488 1643 Episcopo
1539 1556 1676 1622 Tu-

252 1657 525 1722 iculano
568 1709 586 1735 ,
639 1659 961 1722 Sanctum
1013 1655 1345 1728 Vi'aticum
1408 1662 1490 1727 ab
1553 1665 1677 1729 Ec—

258 1762 442 1825 clesia
507 1762 826 1848 publice,
895 1781 958 1828 et
1028 1764 1197 1829 sacra
1244 1789 1496 1853 pompa
1533 1816 1551 1842 ‚
1605 1782 1678 1829 ut

253 1868 392 1953 Ipse
429 1884 776 1953 optaverat
798 1917 816 1943 ‚
843 1868 1127 1934 allatum
1150 1920 1168 1947 ,
1219 1869 1681 1957 religiofiflime

254 1973 554 2060 suscepit!
588 1974 776 2054 Qae
827 1974 1179 2050 lacrimae,
1231 1977 1343 2060 qui
1407 1991 1677 2054 motuS,

255 2099 423 2163 quae
459 2074 675 2155 fides,
724 2101 890 2166 quae
940 2086 1183 2165 pietas!
1232 2082 1427 2161 Quod
1481 2086 1676 2147 etiam

254 2167 564 2234 solatium
603 2173 672 2233 in
714 2172 1080 2249 senecstute,
1129 2178 1199 2237 in
1251 2190 1551 2236 extremo
1587 2176 1681 2237 vi-

255 2293 363 2337 tae
408 2272 830 2355 discrimine„
884 2282 1151 2365 egregio
1177 2279 1678 2362 Principi2avi-

254 2380 338 2440 tis
376 2380 621 2468 Regnis
665 2381 1051 2448 Catholicae
1108 2380 1476 2468 Religionis
1526 2405 1674 2445 cau-

254 2483 310 2548 la
361 2486 654 2573 expulsO,
695 2486 1082 2644 fialutargbus
1129 2485 1512 2554 Catholicae
1546 2491 1706 2553 Co-,

1015 2601 1052 2641 2
1520 2602 1673 2643 mu-
