2044 3094
304 319 381 361 xx

308 403 552 457 natura,
597 402 657 445 et
684 382 805 466 jure
846 401 988 440 cum
1025 372 1206 451 effet,
1237 376 1573 439 maximum
1615 372 1725 438 fibi

305 490 593 573 Regnum
626 479 886 543 ducebat
934 477 1043 543 fibi
1077 474 1218 565 ipsi,
1254 475 1494 563 suisque
1526 478 1719 539 animi

307 583 575 650 motibus
605 583 903 668 imperare
926 628 942 653 ‚
978 580 1076 641 illa
1109 576 1237 641 usus
1267 577 1507 665 semper
1532 576 1723 660 magi-

308 688 418 750 stra
454 683 778 773 sapientia,
802 701 920 767 qua
950 680 1040 742 nil
1063 681 1310 755 meliuS‚
1351 682 1443 743 nil
1483 677 1720 766 optabi-

304 791 416 853 lius
446 783 802 851 hominibus
824 777 941 844 effe
971 780 1169 869 potest
1190 831 1202 844 .
1235 781 1497 869 Imperia
1531 779 1721 854 enim,

307 887 558 952 divitiae
579 933 594 959 ,
617 882 890 946 fortunae
908 880 1074 945 bona
1098 903 1531 970 quaecumque,
1569 878 1720 941 dum

308 990 560 1055 firmiter
611 985 807 1048 teneri
858 983 1187 1059 videntur,
1245 986 1540 1073 temporis
1594 1006 1727 1045 mo.

311 1112 528 1159 mento
568 1089 954 1164 dilabuntur,
990 1088 1088 1150 illa
1125 1110 1272 1152 vero
1309 1083 1731 1175 praesto-*sem-

312 1222 423 1289 per
443 1196 627 1260 nobis
658 1194 742 1258 est
770 1244 785 1269 ‚
815 1218 931 1257 nos
959 1192 1185 1279 ubique
1221 1193 1441 1256 utiliter
1475 1193 1728 1255 comita-

313 1322 406 1367 tur
421 1354 434 1366 .
466 1300 843 1388 Benignitati
869 1349 884 1373 ,
900 1296 1291 1386 suavitatique
1313 1296 1575 1383 Regiam
1596 1295 1726 1380 jun-

314 1405 499 1492 gebat
527 1405 890 1490 gravitatem
922 1452 936 1477 ‚
990 1427 1106 1491 qua
1145 1401 1451 1490 quidquid
1496 1418 1719 1486 ageret,

316 1506 620 1594 quidquid
661 1503 891 1566 diceret
926 1503 1001 1565 ad
1047 1502 1422 1588 dignitatem
1473 1524 1730 1589 compo·
1812 1576 1815 1578 q

316 1610 507 1677 nebat
535 1661 548 1674 .
590 1609 975 1674 Humanitati
1028 1607 1165 1692 Ejus
1195 1607 1283 1668 nil
1313 1602 1550 1693 semper
1601 1622 1728 1667 tam

313 1713 634 1803 proprium
686 1727 810 1772 erat
838 1759 853 1784 ,
912 1732 1095 1795 quam
1140 1711 1418 1774 voluntas
1464 1709 1541 1770 de
1587 1731 1734 1771 cun-

318 1817 429 1879 &is
491 1811 848 1877 hominibus
893 1810 1383 1884 benemerendi,
1454 1809 1733 1873 aliorum-

317 1939 434 2004 que
467 1914 1011 1979 commoditatibus
1040 1912 1096 1977 se
1130 1932 1343 1976 natum
1381 1914 1584 2001 potius
1626 1935 1735 1999 pu·

317 2019 528 2094 tandi,
561 2040 747 2106 quam
778 2015 919 2080 suis,
956 2017 1019 2077 Si
1052 2035 1168 2102 qua
1191 2012 1269 2077 ab
1313 2015 1440 2076 aliis
1471 2013 1586 2103 Ipsi
1622 2015 1731 2080 ob·

317 2117 620 2189 venisseut
672 2117 970 2183 beneficia
1000 2169 1015 2194 ,
1052 2117 1313 2206 perenni
1345 2135 1621 2203 repetere
1644 2115 1735 2181 so-

315 2225 481 2303 lebat
525 2224 822 2286 memoria
853 2271 867 2296 ,
927 2243 1110 2309 quam
1148 2243 1470 2308 nunquam
1520 2218 1735 2283 oblite-

320 2328 435 2391 rari
486 2324 825 2414 patiebatur
855 2350 872 2398 ;
931 2321 1169 2388 suorum
1198 2349 1208 2372 ·-
1221 2326 1288 2388 in
1349 2325 1496 2387 alios
1518 2371 1532 2397 ,
1565 2318 1735 2408 quod

318 2429 706 2515 magnanimi
765 2428 1038 2492 hominis
1099 2426 1182 2490 est
1223 2478 1239 2502 ‚
1299 2445 1359 2491 et
1409 2427 1673 2491 liberalis
1716 2475 1734 2501 ,

318 2554 575 2596 omnem
623 2532 1105 2609 reminiscentiae
1156 2528 1391 2600 sensum
1442 2531 1735 2602 amittere,

1592 2634 1733 2695 Pro-
