<?xml version="1.0" encoding="UTF-8"?>
<!DOCTYPE html PUBLIC "-//W3C//DTD XHTML 1.0 Transitional//EN"
    "http://www.w3.org/TR/xhtml1/DTD/xhtml1-transitional.dtd">
<html xmlns="http://www.w3.org/1999/xhtml" xml:lang="en" lang="en">
 <head>
  <title>
</title>
<meta http-equiv="Content-Type" content="text/html;charset=utf-8" />
  <meta name='ocr-system' content='tesseract 3.04.00' />
  <meta name='ocr-capabilities' content='ocr_page ocr_carea ocr_par ocr_line ocrx_word'/>
</head>
<body>
  <div class='ocr_page' id='page_1' title='image "./infunereiacobiii00matt/infunereiacobiii00matt_0027.png"; bbox 0 0 2044 3094; ppageno 0'>
   <div class='ocr_carea' id='block_1_1' title="bbox 302 229 1745 366">
    <p class='ocr_par' dir='ltr' id='par_1_1' title="bbox 302 229 1745 366">
     <span class='ocr_line' id='line_1_1' title="bbox 302 229 1745 366; baseline 0.012 -26"><span class='ocrx_word' id='word_1_1' title='bbox 302 275 495 341; x_wconf 38' lang='lat' dir='ltr'><strong>&gt;*visisti</strong></span> <span class='ocrx_word' id='word_1_2' title='bbox 527 328 544 353; x_wconf 88' lang='lat'>‚</span> <span class='ocrx_word' id='word_1_3' title='bbox 594 280 849 366; x_wconf 83' lang='lat' dir='ltr'><strong>quando</strong></span> <span class='ocrx_word' id='word_1_4' title='bbox 898 284 1000 347; x_wconf 88' lang='lat' dir='ltr'><strong>Ille</strong></span> <span class='ocrx_word' id='word_1_5' title='bbox 1045 283 1333 351; x_wconf 85' lang='lat' dir='ltr'><strong>constans</strong></span> <span class='ocrx_word' id='word_1_6' title='bbox 1381 337 1398 362; x_wconf 87' lang='lat'><strong>,</strong></span> <span class='ocrx_word' id='word_1_7' title='bbox 1447 306 1510 351; x_wconf 90' lang='lat' dir='ltr'><strong>et</strong></span> <span class='ocrx_word' id='word_1_8' title='bbox 1543 229 1745 358; x_wconf 52' lang='lat' dir='ltr'><strong>1inng</strong></span> 
     </span>
    </p>
   </div>
   <div class='ocr_carea' id='block_1_2' title="bbox 284 381 1744 1807">
    <p class='ocr_par' dir='ltr' id='par_1_2' title="bbox 284 381 1744 1807">
     <span class='ocr_line' id='line_1_2' title="bbox 314 381 1744 484; baseline 0.009 -38"><span class='ocrx_word' id='word_1_9' title='bbox 314 381 505 447; x_wconf 86' lang='lat' dir='ltr'><strong>finem</strong></span> <span class='ocrx_word' id='word_1_10' title='bbox 553 385 803 449; x_wconf 88' lang='lat' dir='ltr'><strong>intuens</strong></span> <span class='ocrx_word' id='word_1_11' title='bbox 840 383 1007 451; x_wconf 84' lang='lat' dir='ltr'><strong>suum</strong></span> <span class='ocrx_word' id='word_1_12' title='bbox 1041 439 1056 463; x_wconf 86' lang='lat'>‚</span> <span class='ocrx_word' id='word_1_13' title='bbox 1102 411 1135 451; x_wconf 87' lang='lat' dir='ltr'><strong>a</strong></span> <span class='ocrx_word' id='word_1_14' title='bbox 1187 391 1302 456; x_wconf 84' lang='lat' dir='ltr'><strong>TE</strong></span> <span class='ocrx_word' id='word_1_15' title='bbox 1346 390 1602 457; x_wconf 83' lang='lat' dir='ltr'><strong>demiffe</strong></span> <span class='ocrx_word' id='word_1_16' title='bbox 1633 420 1744 484; x_wconf 91' lang='lat' dir='ltr'><strong>po-</strong></span> 
     </span>
     <span class='ocr_line' id='line_1_3' title="bbox 312 487 1736 588; baseline 0.009 -38"><span class='ocrx_word' id='word_1_17' title='bbox 312 487 584 565; x_wconf 84' lang='lat' dir='ltr'><strong>stulavit,</strong></span> <span class='ocrx_word' id='word_1_18' title='bbox 632 509 713 551; x_wconf 85' lang='lat' dir='ltr'><strong>ne</strong></span> <span class='ocrx_word' id='word_1_19' title='bbox 766 490 970 575; x_wconf 85' lang='lat' dir='ltr'><strong>Regio</strong></span> <span class='ocrx_word' id='word_1_20' title='bbox 1004 490 1218 558; x_wconf 89' lang='lat' dir='ltr'><strong>funere</strong></span> <span class='ocrx_word' id='word_1_21' title='bbox 1256 495 1478 561; x_wconf 78' lang='lat' dir='ltr'><strong>sineres</strong></span> <span class='ocrx_word' id='word_1_22' title='bbox 1514 521 1736 588; x_wconf 90' lang='lat' dir='ltr'><strong>corpus</strong></span> 
     </span>
     <span class='ocr_line' id='line_1_4' title="bbox 310 591 1737 680; baseline 0.009 -25"><span class='ocrx_word' id='word_1_23' title='bbox 310 595 479 680; x_wconf 76' lang='lat' dir='ltr'><strong>{uum</strong></span> <span class='ocrx_word' id='word_1_24' title='bbox 522 591 779 673; x_wconf 77' lang='lat' dir='ltr'><strong>efferri,</strong></span> <span class='ocrx_word' id='word_1_25' title='bbox 825 615 925 659; x_wconf 91' lang='lat' dir='ltr'><strong>aut</strong></span> <span class='ocrx_word' id='word_1_26' title='bbox 982 621 1222 662; x_wconf 85' lang='lat' dir='ltr'><strong>nomen</strong></span> <span class='ocrx_word' id='word_1_27' title='bbox 1260 600 1498 667; x_wconf 83' lang='lat' dir='ltr'><strong>funebri</strong></span> <span class='ocrx_word' id='word_1_28' title='bbox 1536 603 1737 668; x_wconf 86' lang='lat' dir='ltr'><strong>lauda-</strong></span> 
     </span>
     <span class='ocr_line' id='line_1_5' title="bbox 309 698 1731 769; baseline 0.004 -6"><span class='ocrx_word' id='word_1_29' title='bbox 309 700 482 764; x_wconf 82' lang='lat' dir='ltr'><strong>tione</strong></span> <span class='ocrx_word' id='word_1_30' title='bbox 540 698 864 764; x_wconf 87' lang='lat' dir='ltr'><strong>celebrari.</strong></span> <span class='ocrx_word' id='word_1_31' title='bbox 910 702 1038 764; x_wconf 91' lang='lat' dir='ltr'><strong>Vos</strong></span> <span class='ocrx_word' id='word_1_32' title='bbox 1079 701 1217 766; x_wconf 90' lang='lat' dir='ltr'><strong>heic</strong></span> <span class='ocrx_word' id='word_1_33' title='bbox 1264 703 1521 768; x_wconf 86' lang='lat' dir='ltr'><strong>tandem</strong></span> <span class='ocrx_word' id='word_1_34' title='bbox 1562 727 1731 769; x_wconf 91' lang='lat' dir='ltr'><strong>com-</strong></span> 
     </span>
     <span class='ocr_line' id='line_1_6' title="bbox 305 802 1731 892; baseline 0.006 -29"><span class='ocrx_word' id='word_1_35' title='bbox 305 803 473 891; x_wconf 91' lang='lat' dir='ltr'><strong>pello</strong></span> <span class='ocrx_word' id='word_1_36' title='bbox 514 851 530 876; x_wconf 88' lang='lat'><strong>,</strong></span> <span class='ocrx_word' id='word_1_37' title='bbox 571 803 672 890; x_wconf 88' lang='lat' dir='ltr'><strong>qui</strong></span> <span class='ocrx_word' id='word_1_38' title='bbox 708 805 1012 868; x_wconf 83' lang='lat' dir='ltr'><strong>morienti</strong></span> <span class='ocrx_word' id='word_1_39' title='bbox 1050 802 1396 892; x_wconf 81' lang='lat' dir='ltr'><strong>praesentes</strong></span> <span class='ocrx_word' id='word_1_40' title='bbox 1433 804 1731 878; x_wconf 87' lang='lat' dir='ltr'><strong>adfuistis,</strong></span> 
     </span>
     <span class='ocr_line' id='line_1_7' title="bbox 303 904 1733 991; baseline 0.003 -24"><span class='ocrx_word' id='word_1_41' title='bbox 303 927 413 967; x_wconf 85' lang='lat' dir='ltr'><strong>vos</strong></span> <span class='ocrx_word' id='word_1_42' title='bbox 466 904 572 991; x_wconf 88' lang='lat' dir='ltr'><strong>qui</strong></span> <span class='ocrx_word' id='word_1_43' title='bbox 626 904 801 969; x_wconf 88' lang='lat' dir='ltr'><strong>Illum</strong></span> <span class='ocrx_word' id='word_1_44' title='bbox 846 927 994 970; x_wconf 91' lang='lat' dir='ltr'><strong>cum.</strong></span> <span class='ocrx_word' id='word_1_45' title='bbox 1043 908 1306 971; x_wconf 77' lang='lat' dir='ltr'><strong>lacrimis</strong></span> <span class='ocrx_word' id='word_1_46' title='bbox 1341 958 1356 982; x_wconf 84' lang='lat'>‚</span> <span class='ocrx_word' id='word_1_47' title='bbox 1402 908 1567 971; x_wconf 88' lang='lat' dir='ltr'><strong>inter</strong></span> <span class='ocrx_word' id='word_1_48' title='bbox 1606 912 1733 972; x_wconf 90' lang='lat' dir='ltr'><strong>lan-</strong></span> 
     </span>
     <span class='ocr_line' id='line_1_8' title="bbox 300 1005 1730 1098; baseline 0.003 -28"><span class='ocrx_word' id='word_1_49' title='bbox 300 1006 525 1095; x_wconf 82' lang='lat' dir='ltr'><strong>guidos</strong></span> <span class='ocrx_word' id='word_1_50' title='bbox 554 1057 568 1082; x_wconf 90' lang='lat'>,</span> <span class='ocrx_word' id='word_1_51' title='bbox 617 1005 1015 1096; x_wconf 89' lang='lat' dir='ltr'><strong>difficilesque</strong></span> <span class='ocrx_word' id='word_1_52' title='bbox 1083 1011 1384 1074; x_wconf 85' lang='lat' dir='ltr'><strong>anhelitus</strong></span> <span class='ocrx_word' id='word_1_53' title='bbox 1454 1028 1730 1098; x_wconf 88' lang='lat' dir='ltr'><strong>repetere</strong></span> 
     </span>
     <span class='ocr_line' id='line_1_9' title="bbox 296 1109 1724 1184; baseline -0.001 -9"><span class='ocrx_word' id='word_1_54' title='bbox 296 1137 431 1176; x_wconf 88' lang='lat' dir='ltr'><strong>non</strong></span> <span class='ocrx_word' id='word_1_55' title='bbox 461 1109 645 1174; x_wconf 88' lang='lat' dir='ltr'><strong>semel</strong></span> <span class='ocrx_word' id='word_1_56' title='bbox 677 1109 919 1172; x_wconf 86' lang='lat' dir='ltr'><strong>audistis</strong></span> <span class='ocrx_word' id='word_1_57' title='bbox 944 1160 958 1184; x_wconf 87' lang='lat'><strong>,</strong></span> <span class='ocrx_word' id='word_1_58' title='bbox 1012 1109 1068 1175; x_wconf 77' lang='lat' dir='ltr'><strong>se</strong></span> <span class='ocrx_word' id='word_1_59' title='bbox 1101 1113 1444 1175; x_wconf 86' lang='lat' dir='ltr'><strong>innumeris</strong></span> <span class='ocrx_word' id='word_1_60' title='bbox 1478 1110 1557 1173; x_wconf 88' lang='lat' dir='ltr'><strong>de</strong></span> <span class='ocrx_word' id='word_1_61' title='bbox 1589 1132 1724 1174; x_wconf 88' lang='lat' dir='ltr'><strong>cau-</strong></span> 
     </span>
     <span class='ocr_line' id='line_1_10' title="bbox 300 1211 1726 1304; baseline 0.001 -24"><span class='ocrx_word' id='word_1_62' title='bbox 300 1214 371 1280; x_wconf 83' lang='lat' dir='ltr'><strong>fis</strong></span> <span class='ocrx_word' id='word_1_63' title='bbox 412 1265 430 1291; x_wconf 83' lang='lat'>,</span> <span class='ocrx_word' id='word_1_64' title='bbox 485 1233 546 1281; x_wconf 90' lang='lat' dir='ltr'><strong>et</strong></span> <span class='ocrx_word' id='word_1_65' title='bbox 595 1216 923 1304; x_wconf 85' lang='lat' dir='ltr'><strong>praecipue</strong></span> <span class='ocrx_word' id='word_1_66' title='bbox 975 1215 1054 1277; x_wconf 91' lang='lat' dir='ltr'><strong>de</strong></span> <span class='ocrx_word' id='word_1_67' title='bbox 1114 1213 1347 1292; x_wconf 85' lang='lat' dir='ltr'><strong>duabus</strong></span> <span class='ocrx_word' id='word_1_68' title='bbox 1406 1211 1525 1278; x_wconf 79' lang='lat' dir='ltr'><strong>effi:</strong></span> <span class='ocrx_word' id='word_1_69' title='bbox 1583 1221 1726 1281; x_wconf 90' lang='lat' dir='ltr'><strong>Deo</strong></span> 
     </span>
     <span class='ocr_line' id='line_1_11' title="bbox 295 1314 1724 1404; baseline 0.001 -24"><span class='ocrx_word' id='word_1_70' title='bbox 295 1314 866 1389; x_wconf 50' lang='lat' dir='ltr'><strong>devinctissimunm</strong></span> <span class='ocrx_word' id='word_1_71' title='bbox 923 1317 1093 1404; x_wconf 88' lang='lat' dir='ltr'><strong>quod</strong></span> <span class='ocrx_word' id='word_1_72' title='bbox 1157 1315 1267 1381; x_wconf 88' lang='lat' dir='ltr'><strong>fibi</strong></span> <span class='ocrx_word' id='word_1_73' title='bbox 1325 1316 1551 1381; x_wconf 75' lang='lat' dir='ltr'><strong>{cilicet</strong></span> <span class='ocrx_word' id='word_1_74' title='bbox 1604 1320 1724 1381; x_wconf 87' lang='lat' dir='ltr'><strong>Ca-</strong></span> 
     </span>
     <span class='ocr_line' id='line_1_12' title="bbox 292 1418 1721 1498; baseline -0.001 -13"><span class='ocrx_word' id='word_1_75' title='bbox 292 1422 537 1485; x_wconf 88' lang='lat' dir='ltr'><strong>tholicis</strong></span> <span class='ocrx_word' id='word_1_76' title='bbox 601 1419 960 1487; x_wconf 82' lang='lat' dir='ltr'><strong>Parentibus</strong></span> <span class='ocrx_word' id='word_1_77' title='bbox 1011 1418 1220 1498; x_wconf 86' lang='lat' dir='ltr'><strong>nasci,</strong></span> <span class='ocrx_word' id='word_1_78' title='bbox 1280 1421 1442 1484; x_wconf 89' lang='lat' dir='ltr'><strong>inter</strong></span> <span class='ocrx_word' id='word_1_79' title='bbox 1491 1420 1721 1484; x_wconf 89' lang='lat' dir='ltr'><strong>Catho-</strong></span> 
     </span>
     <span class='ocr_line' id='line_1_13' title="bbox 288 1526 1718 1614; baseline -0.001 -25"><span class='ocrx_word' id='word_1_80' title='bbox 288 1528 440 1591; x_wconf 92' lang='lat' dir='ltr'><strong>licos</strong></span> <span class='ocrx_word' id='word_1_81' title='bbox 489 1527 781 1600; x_wconf 85' lang='lat' dir='ltr'><strong>educari,</strong></span> <span class='ocrx_word' id='word_1_82' title='bbox 834 1530 1150 1614; x_wconf 86' lang='lat' dir='ltr'><strong>vitamque</strong></span> <span class='ocrx_word' id='word_1_83' title='bbox 1194 1548 1459 1589; x_wconf 89' lang='lat' dir='ltr'><strong>omnem</strong></span> <span class='ocrx_word' id='word_1_84' title='bbox 1507 1526 1718 1590; x_wconf 87' lang='lat' dir='ltr'><strong>vivere</strong></span> 
     </span>
     <span class='ocr_line' id='line_1_14' title="bbox 286 1626 1715 1716; baseline -0.001 -26"><span class='ocrx_word' id='word_1_85' title='bbox 286 1626 484 1691; x_wconf 81' lang='lat' dir='ltr'><strong>fuiflet</strong></span> <span class='ocrx_word' id='word_1_86' title='bbox 539 1629 821 1716; x_wconf 83' lang='lat' dir='ltr'><strong>elargitus</strong></span> <span class='ocrx_word' id='word_1_87' title='bbox 866 1654 882 1700; x_wconf 80' lang='lat'><em>3</em></span> <span class='ocrx_word' id='word_1_88' title='bbox 940 1628 1110 1715; x_wconf 86' lang='lat' dir='ltr'><strong>quod</strong></span> <span class='ocrx_word' id='word_1_89' title='bbox 1163 1628 1428 1692; x_wconf 88' lang='lat' dir='ltr'><strong>demum</strong></span> <span class='ocrx_word' id='word_1_90' title='bbox 1479 1628 1715 1693; x_wconf 84' lang='lat' dir='ltr'><strong>Divina</strong></span> 
     </span>
     <span class='ocr_line' id='line_1_15' title="bbox 284 1728 1713 1807; baseline 0 -12"><span class='ocrx_word' id='word_1_91' title='bbox 284 1729 683 1795; x_wconf 82' lang='lat' dir='ltr'><strong>Providentia</strong></span> <span class='ocrx_word' id='word_1_92' title='bbox 728 1730 954 1796; x_wconf 56' lang='lat' dir='ltr'><strong>factum</strong></span> <span class='ocrx_word' id='word_1_93' title='bbox 1004 1728 1151 1796; x_wconf 76' lang='lat' dir='ltr'><strong>esset</strong></span> <span class='ocrx_word' id='word_1_94' title='bbox 1193 1782 1208 1807; x_wconf 82' lang='lat'>‚</span> <span class='ocrx_word' id='word_1_95' title='bbox 1269 1754 1349 1794; x_wconf 92' lang='lat' dir='ltr'><strong>ne</strong></span> <span class='ocrx_word' id='word_1_96' title='bbox 1396 1750 1713 1795; x_wconf 81' lang='lat' dir='ltr'><strong>terrenum</strong></span> 
     </span>
    </p>
   </div>
   <div class='ocr_carea' id='block_1_3' title="bbox 282 1834 1709 2026">
    <p class='ocr_par' dir='ltr' id='par_1_3' title="bbox 282 1834 1709 2026">
     <span class='ocr_line' id='line_1_16' title="bbox 282 1834 1709 1921; baseline 0.003 -25"><span class='ocrx_word' id='word_1_97' title='bbox 282 1851 521 1897; x_wconf 87' lang='lat' dir='ltr'><strong>teneret</strong></span> <span class='ocrx_word' id='word_1_98' title='bbox 564 1839 857 1921; x_wconf 81' lang='lat' dir='ltr'><strong>Regnum</strong></span> <span class='ocrx_word' id='word_1_99' title='bbox 896 1886 911 1911; x_wconf 85' lang='lat'>‚</span> <span class='ocrx_word' id='word_1_100' title='bbox 957 1853 1022 1901; x_wconf 88' lang='lat' dir='ltr'><strong>ut</strong></span> <span class='ocrx_word' id='word_1_101' title='bbox 1069 1835 1147 1898; x_wconf 91' lang='lat' dir='ltr'><strong>de</strong></span> <span class='ocrx_word' id='word_1_102' title='bbox 1194 1837 1301 1898; x_wconf 88' lang='lat' dir='ltr'><strong>illo</strong></span> <span class='ocrx_word' id='word_1_103' title='bbox 1345 1834 1588 1899; x_wconf 88' lang='lat' dir='ltr'><strong>coelesti</strong></span> <span class='ocrx_word' id='word_1_104' title='bbox 1621 1835 1709 1900; x_wconf 87' lang='lat' dir='ltr'><strong>so-</strong></span> 
     </span>
     <span class='ocr_line' id='line_1_17' title="bbox 284 1935 1709 2026; baseline 0.003 -27"><span class='ocrx_word' id='word_1_105' title='bbox 284 1936 610 2002; x_wconf 89' lang='lat' dir='ltr'><strong>lummodo</strong></span> <span class='ocrx_word' id='word_1_106' title='bbox 649 1940 951 2026; x_wconf 84' lang='lat' dir='ltr'><strong>cogitaret</strong></span> <span class='ocrx_word' id='word_1_107' title='bbox 983 1987 996 2002; x_wconf 90' lang='lat'><strong>.</strong></span> <span class='ocrx_word' id='word_1_108' title='bbox 1044 1937 1151 2000; x_wconf 89' lang='lat' dir='ltr'><strong>Oh</strong></span> <span class='ocrx_word' id='word_1_109' title='bbox 1210 1935 1410 2004; x_wconf 87' lang='lat' dir='ltr'><strong>sensus</strong></span> <span class='ocrx_word' id='word_1_110' title='bbox 1462 1958 1709 2003; x_wconf 86' lang='lat' dir='ltr'><strong>aeterna</strong></span> 
     </span>
    </p>
   </div>
   <div class='ocr_carea' id='block_1_4' title="bbox 276 2051 1702 2354">
    <p class='ocr_par' dir='ltr' id='par_1_4' title="bbox 276 2051 1702 2354">
     <span class='ocr_line' id='line_1_18' title="bbox 279 2051 1702 2140; baseline 0.001 -25"><span class='ocrx_word' id='word_1_111' title='bbox 279 2051 662 2118; x_wconf 87' lang='lat' dir='ltr'><strong>Posterorum</strong></span> <span class='ocrx_word' id='word_1_112' title='bbox 692 2054 995 2120; x_wconf 85' lang='lat' dir='ltr'><strong>memoria</strong></span> <span class='ocrx_word' id='word_1_113' title='bbox 1038 2052 1273 2140; x_wconf 90' lang='lat' dir='ltr'><strong>dignos</strong></span> <span class='ocrx_word' id='word_1_114' title='bbox 1306 2058 1318 2115; x_wconf 72' lang='grc' dir='ltr'>ἱ</span> <span class='ocrx_word' id='word_1_115' title='bbox 1353 2052 1460 2115; x_wconf 90' lang='lat' dir='ltr'><strong>Oh</strong></span> <span class='ocrx_word' id='word_1_116' title='bbox 1489 2051 1702 2129; x_wconf 83' lang='lat' dir='ltr'><strong>fausta,</strong></span> 
     </span>
     <span class='ocr_line' id='line_1_19' title="bbox 278 2155 1700 2244; baseline -0.003 -22"><span class='ocrx_word' id='word_1_117' title='bbox 278 2176 338 2222; x_wconf 89' lang='lat' dir='ltr'><strong>et</strong></span> <span class='ocrx_word' id='word_1_118' title='bbox 372 2155 566 2223; x_wconf 85' lang='lat' dir='ltr'><strong>felicia</strong></span> <span class='ocrx_word' id='word_1_119' title='bbox 599 2156 962 2223; x_wconf 86' lang='lat' dir='ltr'><strong>Catholicae</strong></span> <span class='ocrx_word' id='word_1_120' title='bbox 1012 2157 1334 2243; x_wconf 81' lang='lat' dir='ltr'><strong>Religioni</strong></span> <span class='ocrx_word' id='word_1_121' title='bbox 1381 2173 1663 2244; x_wconf 87' lang='lat' dir='ltr'><strong>tempora</strong></span> <span class='ocrx_word' id='word_1_122' title='bbox 1686 2207 1700 2232; x_wconf 85' lang='lat'>‚</span> 
     </span>
     <span class='ocr_line' id='line_1_20' title="bbox 276 2260 1700 2354; baseline -0.005 -28"><span class='ocrx_word' id='word_1_123' title='bbox 276 2261 499 2354; x_wconf 85' lang='lat' dir='ltr'><strong>quibus</strong></span> <span class='ocrx_word' id='word_1_124' title='bbox 555 2264 760 2349; x_wconf 88' lang='lat' dir='ltr'><strong>Reges</strong></span> <span class='ocrx_word' id='word_1_125' title='bbox 810 2312 826 2340; x_wconf 83' lang='grc'>,</span> <span class='ocrx_word' id='word_1_126' title='bbox 879 2260 1031 2329; x_wconf 89' lang='lat' dir='ltr'><strong>dum</strong></span> <span class='ocrx_word' id='word_1_127' title='bbox 1078 2261 1162 2324; x_wconf 90' lang='lat' dir='ltr'><strong>illi</strong></span> <span class='ocrx_word' id='word_1_128' title='bbox 1213 2284 1444 2326; x_wconf 90' lang='lat' dir='ltr'><strong>vanum</strong></span> <span class='ocrx_word' id='word_1_129' title='bbox 1503 2261 1700 2348; x_wconf 88' lang='lat' dir='ltr'><strong>quod-</strong></span> 
     </span>
    </p>
   </div>
   <div class='ocr_carea' id='block_1_5' title="bbox 275 2374 1698 2559">
    <p class='ocr_par' dir='ltr' id='par_1_5' title="bbox 275 2374 1698 2559">
     <span class='ocr_line' id='line_1_21' title="bbox 275 2374 1698 2469; baseline -0.001 -29"><span class='ocrx_word' id='word_1_130' title='bbox 275 2379 420 2443; x_wconf 89' lang='lat' dir='ltr'><strong>dam</strong></span> <span class='ocrx_word' id='word_1_131' title='bbox 479 2379 909 2469; x_wconf 84' lang='lat' dir='ltr'><strong>Philosophiae</strong></span> <span class='ocrx_word' id='word_1_132' title='bbox 954 2400 1195 2442; x_wconf 90' lang='lat' dir='ltr'><strong>nomen</strong></span> <span class='ocrx_word' id='word_1_133' title='bbox 1255 2374 1698 2440; x_wconf 85' lang='lat' dir='ltr'><strong>contumeliose</strong></span> 
     </span>
     <span class='ocr_line' id='line_1_22' title="bbox 276 2479 1696 2559; baseline -0.006 -12"><span class='ocrx_word' id='word_1_134' title='bbox 276 2482 554 2548; x_wconf 87' lang='lat' dir='ltr'><strong>insultare</strong></span> <span class='ocrx_word' id='word_1_135' title='bbox 605 2502 861 2548; x_wconf 87' lang='lat' dir='ltr'><strong>conatur</strong></span> <span class='ocrx_word' id='word_1_136' title='bbox 906 2534 922 2559; x_wconf 85' lang='lat'><strong>,</strong></span> <span class='ocrx_word' id='word_1_137' title='bbox 980 2481 1262 2546; x_wconf 88' lang='lat' dir='ltr'><strong>debitum</strong></span> <span class='ocrx_word' id='word_1_138' title='bbox 1319 2482 1376 2545; x_wconf 91' lang='lat' dir='ltr'><strong>ei</strong></span> <span class='ocrx_word' id='word_1_139' title='bbox 1425 2479 1696 2544; x_wconf 86' lang='lat' dir='ltr'><strong>reddunt</strong></span> 
     </span>
    </p>
   </div>
   <div class='ocr_carea' id='block_1_6' title="bbox 1588 2569 1696 2631">
    <p class='ocr_par' dir='ltr' id='par_1_6' title="bbox 1588 2569 1696 2631">
     <span class='ocr_line' id='line_1_23' title="bbox 1588 2569 1696 2631; baseline 0 0"><span class='ocrx_word' id='word_1_140' title='bbox 1588 2569 1696 2631; x_wconf 93' lang='lat' dir='ltr'><strong>ho-</strong></span> 
     </span>
    </p>
   </div>
  </div>
 </body>
</html>
