2044 3094
286 344 490 385 XVII]

285 432 402 497 que
451 406 743 471 tristitiam
792 424 891 468 aut
945 408 1214 469 omnino
1243 455 1257 481 ‚
1309 425 1409 469 aut
1438 412 1701 474 maxima

283 535 357 574 ex
387 531 553 598 parte
585 510 807 572 levavit
828 558 840 571 .
866 512 940 572 Et
971 532 1122 597 quae
1141 561 1155 586 ‚
1191 513 1357 573 Deus
1396 507 1579 584 bone,
1611 533 1702 573 ca-

282 615 579 677 lamitates
609 608 725 674 effe
763 608 1036 699 pollent,
1076 634 1228 698 quae
1265 609 1561 685 solitudo,
1596 613 1702 697 qui

286 712 539 786 laboreS‚
564 735 715 798 quos
738 736 874 776 non
902 715 1126 778 levaret
1149 717 1375 778 Mulier
1402 719 1541 778 Deo
1560 735 1706 776 con-

280 811 668 898 junffiiffima,
694 814 790 874 cui
819 815 906 876 nil
937 817 1125 878 carius
1154 835 1279 879 erat
1307 865 1322 891 ,
1357 838 1542 904 quam
1565 836 1702 878 coe-

282 914 523 979 lestibus
552 914 935 979 inhaerendo
956 919 1298 984 humanum
1333 942 1593 985 omnem
1629 916 1707 980 fa·

285 1018 469 1092 stum,
517 1015 1278 1108 pompasque-despicere3
1313 1024 1401 1085 nil
1441 1022 1703 1093 dulciuS‚

287 1142 471 1206 quam
501 1120 713 1181 Mariti
746 1119 1006 1197 dolores,
1041 1142 1101 1186 et
1134 1126 1408 1188 lacrimas
1431 1126 1705 1187 innocuo

287 1220 624 1306 abstergere
647 1221 783 1302 risu,
816 1223 1212 1314 sobolemque
1251 1227 1326 1289 ad
1346 1245 1437 1290 tot
1459 1228 1711 1310 Regno-

286 1346 419 1386 rum
442 1321 612 1411 spem
633 1326 1082 1390 adolescentem
1106 1327 1431 1391 castiffinio
1464 1325 1596 1390 finu
1624 1323 1707 1388 fo-

283 1449 421 1489 vere
456 1475 470 1499 ,
520 1446 579 1488 et
611 1430 677 1491 in
717 1433 1065 1517 Religionis
1112 1430 1308 1494 studio
1341 1482 1355 1506 ,
1398 1433 1463 1492 in
1498 1452 1704 1492 amore

286 1532 575 1593 virtutum
610 1582 624 1606 ,
673 1532 1063 1598 familiaribus
1109 1536 1404 1621 exemplis
1438 1534 1708 1595 alacriter

289 1629 681 1696 confirmare!
734 1637 992 1699 Utinam
1020 1660 1165 1700 vero
1201 1638 1320 1700 hoc
1355 1635 1494 1698 felix
1525 1685 1539 1708 ‚
1588 1631 1709 1695 fau-

287 1732 563 1819 stumque
629 1736 983 1821 conjugium
1047 1738 1368 1799 immatura
1426 1735 1706 1818 Reginae

290 1856 491 1906 mors,
524 1858 655 1897 non
687 1855 809 1900 tam
847 1840 968 1901 cito
1017 1834 1314 1910 solviflet3
1356 1862 1488 1900 non
1535 1837 1708 1898 enim

292 1935 401 2000 Vir
445 1941 889 2004 amantissimus
910 1992 925 2016 ,
959 1943 1061 2029 qui
1082 1942 1159 2004 de
1191 1937 1397 2004 amissa
1417 1941 1705 2025 Conjuge

290 2038 518 2101 doloris
551 2061 843 2125 magnam
875 2042 1280 2106 accessionen]
1318 2042 1548 2106 fortiter
1578 2065 1714 2130 per-z

291 2141 425 2202 tulit
447 2189 461 2213 ‚
510 2141 670 2203 dulci
690 2142 931 2208 orbatus
953 2142 1148 2209 fuisset
1177 2144 1491 2221 societate,
1539 2166 1599 2208 et
1622 2145 1708 2211 so-

291 2245 437 2304 latio
459 2290 474 2316 ,
511 2266 714 2329 neque
738 2271 854 2310 nos
877 2266 1000 2310 tam
1023 2249 1220 2332 longo
1251 2250 1509 2311 eximiae
1532 2251 1707 2313 virtu-

291 2347 367 2408 tis
406 2344 704 2412 desiderio
736 2349 1202 2414 conficeremur.
1237 2350 1341 2412 Oh
1372 2349 1577 2412 [altem
1616 2371 1709 2412 ca-

291 2446 574 2512 riffimam
628 2449 1030 2541 conspexisset
1067 2455 1315 2517 Prolem
1345 2454 1410 2515 in
1448 2454 1707 2517 eximiae

296 2554 555 2637 gloriae,
604 2561 1062 2645 praeclaraeque
1093 2558 1284 2621 laudis
1313 2555 1550 2644 specula
1585 2560 1708 2621 col-

1551 2661 1705 2721 loca-
