2044 3094
321 350 478 393 xxvt
959 371 963 374 -

318 417 662 490 honorem,
694 434 754 479 et
770 416 999 498 Regno
1023 419 1220 471 carere
1253 408 1519 484 malunt,
1551 408 1742 495 quam

321 520 442 604 ejus
488 512 846 580 smffiffima
886 514 1010 598 jura
1055 513 1325 576 violare.

501 623 599 683 En
665 617 986 681 IACOssE
1021 618 1164 679 'Rex
1216 617 1518 703 Optime,
1586 617 1743 681 vitae

325 740 461 785 tuae
490 770 505 796 ‚
551 742 733 807 quam
772 720 997 783 mediis
1044 720 1112 782 in
1178 725 1519 797 aerumnis,
1568 742 1747 808 atque

325 823 634 889 laboribus
680 822 1020 888 traductam
1066 822 1434 887 sanctiffime'
1469 822 1750 888 consum-

324 926 498 991 masti
533 975 548 1000 ‚
599 928 833 988 exitum
871 926 1008 989 fane
1060 925 1300 991 felicem
1339 932 1351 989 Ξ
1389 929 1745 1012 ΔΡκεῑξηωῃ,

329 1027 503 1114 quod
552 1027 699 1092 Tibi
754 1051 786 1089 a
831 1033 969 1092 Deo
1004 1030 1134 1113 *jam
1183 1026 1747 1112 datumzeilecon-

328 1129 578 1193 fidimus
611 1181 626 1206 ‚
677 1149 820 1194 tene
850 1182 864 1208 ,
915 1156 1049 1195 non
1103 1134 1365 1220 amplius
1410 1135 1751 1206 terrenum,

335 1230 844 1298 vicissitudinibus
885 1236 1111 1299 scilicet
1142 1287 1156 1312 ‚
1206 1256 1267 1300 et
1316 1235 1756 1300 calamitatibus

330 1336 611 1424 undique
654 1335 998 1401 obnoxium
1023 1389 1038 1414 ,
1070 1337 1172 1402 [ed
1204 1341 1488 1416 coeleste,
1522 1360 1719 1406 tutum
1740 1404 1754 1429 ‚

335 1457 651 1504 aeternum
688 1490 703 1515 ‚
755 1443 823 1502 in
868 1464 991 1526 quo
1045 1442 1218 1505 beate
1263 1447 1483 1509 vivunt
1513 1445 1755 1507 animae

335 1565 474 1605 vere
513 1565 777 1629 magnae
800 1594 814 1618 ,
846 1546 1201 1632 nullamque
1234 1547 1631 1634 experiuntur
1653 1568 1758 1634 pa-

338 1646 424 1708 cis
455 1643 980 1733 perturbationem
1015 1697 1030 1722 ,
1063 1666 1124 1710 et
1161 1650 1610 1736 tranquillitatis
1635 1699 1646 1712 .
1671 1652 1760 1712 Ex

341 1769 418 1810 eo
448 1748 765 1816 laetiffirno
787 1753 1031 1838 piorum
1052 1757 1190 1817 loco
1214 1753 1457 1842 respice,
1490 1776 1643 1841 quae
1661 1754 1763 1814 Ti-

336 1844 399 1908 bi
435 1849 712 1915 funebria
748 1851 888 1937 justa
931 1851 1092 1917 sacro
1138 1857 1254 1918 ritu
1285 1856 1667 1944 persolvunt,
1699 1873 1760 1919 et

340 1972 474 2019 tuus
517 1958 620 2018 Ille
669 1956 1104 2021 amantiffimus
1137 1961 1311 2021 Pater
1347 1964 1759 2026 CLEMENS

339 2061 506 2122 Xlll.
549 2060 615 2121 in
663 2060 824 2144 cujus
875 2060 1192 2124 beatiffimi
1227 2061 1441 2127 saeculi
1475 2067 1608 2128 luce
1656 2065 1762 2129 du-

338 2179 465 2222 rare
504 2208 519 2233 ,
577 2160 1071 2249 pontificemque
1120 2165 1469 2234 Maximum
1514 2191 1761 2232 venera-

340 2265 389 2325 ri
420 2312 434 2337 ,
475 2261 623 2326 Tibi
657 2313 671 2338 ,
718 2282 781 2325 ut
841 2265 906 2325 in
955 2266 1114 2330 votis
1170 2266 1495 2347 habueras,
1548 2272 1761 2337 datum

342 2367 452 2433 fuit
490 2392 507 2439 ς
573 2386 633 2429 et
674 2389 795 2429 una
839 2389 981 2432 cum
1028 2374 1498 2459 purpuratorum
1535 2375 1759 2440 Senatu

346 2476 701 2549 nobiliffimi
757 2481 895 2546 Filii
937 2483 1098 2559 Tui,
1149 2479 1388 2559 1101108,
1446 2476 1764 2564 decusque

345 2586 641 2660 nostrum3
673 2607 894 2650 omnes
938 2587 1209 2675 denique
1243 2584 1427 2663 Urbis
1460 2588 1761 2655 Ordines·

1632 2681 1746 2742 Ex-
