2044 3094
1596 273 1664 314 lx

239 339 520 406 infestum
551 342 832 428 ,Furopae
864 388 879 412 ,
928 336 1087 401 triste
1120 334 1303 401 bonis
1333 336 1659 413 omnibuS,

239 466 500 531 quorum
565 441 771 507 solatia
821 464 988 505 mors
1046 440 1152 503 ista
1202 443 1495 529 pervertit
1527 446 1555 527 Ξ,
1587 445 1660 506 In

242 563 418 610 tanto
469 547 653 631 igitur
694 563 975 609 moerore
1011 595 1025 621 ‚
1078 567 1232 632 quae
1281 569 1458 609 mens
1493 594 1507 619 ‚
1555 544 1662 631 qui

240 642 482 710 animus
512 646 673 709 inter
693 645 800 722 has
832 641 1023 720 faceS‚
1068 646 1230 709 inter
1260 646 1366 710 has
1382 644 1667 732 lugubres

241 770 425 814 voces
447 797 462 822 ‚
491 743 792 833 fletusque
825 743 1018 810 sacros
1038 796 1051 821 ‚
1105 747 1171 809 in
1195 745 1316 809 hoc
1351 763 1477 809 tam
1522 743 1668 807 tristi

240 869 442 910 rerum
476 845 717 935 aspectu
740 843 860 910 effe
901 847 1055 911 mihi
1092 846 1349 912 deberet
1385 899 1400 923 ,
1446 848 1674 909 cuilau-

245 952 388 1015 dare
409 949 768 1027 defunctum
787 954 1030 1038 Regem
1063 953 1332 1040 imperio
1368 950 1680 1024 TUchi

245 1054 426 1119 reslsti
459 1081 594 1120 non
639 1055 855 1129 debet,
887 1054 974 1117 est
1019 1054 1472 1120 demandatum
1506 1104 1520 1129 ,
1565 1052 1680 1116 nisi

245 1180 368 1220 una
404 1179 505 1221 me
554 1157 854 1243 cogitatio
907 1179 1044 1219 non
1089 1157 1489 1220 mediocriter
1534 1177 1683 1222 con÷

245 1256 512 1321 firmaret
543 1307 557 1321 .
600 1256 771 1339 Qid
816 1258 990 1320 enim
1028 1256 1286 1333 deceat,
1332 1257 1410 1320 de
1453 1252 1684 1320 fortiffi-

242 1385 356 1427 mo
388 1361 540 1425 Viro
572 1361 887 1424 dicentem
919 1358 1310 1424 imbecilliter
1343 1358 1507 1433 flere,
1531 1378 1687 1420 mor-

251 1481 503 1549 temque
554 1464 679 1549 ejus
723 1465 996 1528 lacrimis
1047 1461 1332 1554 prosequi
1379 1514 1393 1538 ,
1441 1464 1545 1551 qui
1598 1479 1688 1542 to-

253 1572 382 1628 tam
424 1565 554 1630 vim
584 1614 598 1640 ,
648 1566 1027 1656 laudemque
1075 1568 1246 1631 bene
1295 1565 1584 1640 vivendi,
1623 1565 1689 1625 in

254 1668 450 1729 animi
467 1667 712 1743 robore,
732 1691 805 1732 ac
827 1669 1287 1755 magnitudine,
1312 1672 1378 1733 in
1405 1669 1695 1733 omnium

249 1768 664 1836 humanarum
707 1795 910 1837 rerum
960 1788 1338 1859 contemptu
1386 1769 1694 1834 traduxit?

256 1869 527 1934 Refeetis
558 1873 743 1957 igitur
773 1875 1032 1948 animis,
1070 1871 1559 1936 desideratiffimi
1582 1874 1700 1934 Re-

263 1976 358 2060 gis
394 1975 644 2037 clariora
677 1972 831 2036 facta
873 1972 1138 2039 breviter
1193 1972 1602 2045 memorabo,
1638 1986 1702 2032 ut

265 2096 453 2163 quem
507 2075 829 2150 viventem
868 2071 1168 2162 obsequio
1195 2122 1210 2149 ‚
1253 2073 1698 2146 admiratione,

264 2177 424 2239 cultu
460 2175 814 2266 prosequuti
856 2174 1090 2254 sumus,
1130 2176 1470 2242 extinctum
1508 2196 1703 2237 recor-

257 2278 524 2342 ‚datione
561 2330 578 2356 ,
623 2288 684 2344 et
732 2281 1082 2345 imitatione
1130 2276 1336 2344 nostra
1380 2273 1705 2342 nobiscum

265 2386 642 2449 retineamus
662 2435 677 2449 .
860 2384 874 2445 γ’
1469 2440 1471 2442 .

444 2490 763 2558 ‚Sacrarum
807 2491 1178 2580 Litterarum
1219 2485 1308 2556 ,est
1337 2481 1699 2551 testimonio

1448 2611 1618 2653 com-
