2044 3094
1570 257 1694 298 X1x

274 315 535 377 locatam
567 317 581 374 Ξ
607 313 887 378 Alterum
922 337 1152 402 nempe
1175 316 1429 393 Filium,
1473 321 1695 384 Pater--

273 414 339 477 ni
375 415 576 477 animi
612 415 906 478 heredem
943 466 959 491 ‚
1002 436 1062 479 et
1101 419 1447 503 injuriarum
1492 422 1696 485 vindi·-

275 539 414 581 cem
447 567 462 592 ,
523 519 891 604 populorum
960 519 1203 593 filorum
1257 527 1450 588 amori
1499 526 1693 590 dona-

274 637 438 696 tum,
475 621 698 695 Maris,
731 622 1076 711 Terraeque
1106 627 1369 712 pericula
1401 627 1693 714 generose

272 740 787 787 contemnentem
807 773 821 798 ‚
852 722 1083 813 {ibique
1111 729 1525 792 immortalem
1574 728 1694 793 bel-

271 825 422 886 licae
452 823 688 888 virtutis
721 872 737 897 ‚
775 841 836 886 et
884 823 1260 892 fortitudinis
1312 854 1548 895 nomen
1583 857 1692 894 un-

273 928 463 1016 dique
500 934 997 1013 comparantem!
1029 932 1310 997 Alterum
1349 933 1694 1000 ferventiffi-

274 1053 413 1095 mae
446 1029 688 1117 pietatis
723 1027 1012 1094 instinctu
1042 1081 1058 1106 ‚
1116 1034 1181 1095 in
1211 1034 1493 1118 juventae
1541 1035 1692 1101 flore

272 1133 561 1197 humanis
590 1130 881 1194 omnibus
917 1136 1297 1222 contemptis
1349 1136 1646 1200 illecebris
1675 1188 1691 1213 ‚

274 1239 341 1300 in
382 1233 649 1298 {anetam
679 1237 1015 1303 Sacerdotii
1048 1238 1270 1304 sortem
1302 1238 1691 1328 adscriptum,

272 1339 352 1401 ad
383 1334 761 1408 afferendam
793 1390 809 1414 ,
870 1342 1347 1429 augendamque,
1394 1343 1691 1408 Ecclesiae

271 1444 603 1506 Romanae
651 1441 1058 1527 dignitatem,
1117 1463 1177 1507 et
1227 1432 1485 1531 gloriam
1529 1471 1546 1517 3
1612 1444 1692 1507 ad

276 1543 657 1610 Christianae
686 1543 1091 1621 liberalitatis,
1149 1565 1217 1618 et,
1266 1549 1691 1612 continentiae

271 1649 627 1734 exemplum
671 1669 713 1715 a
737 1648 938 1712 Coelo
975 1647 1193 1719 datum*
1229 1649 1506 1737 undique
1524 1672 1691 1713 com-

276 1751 586 1819 mendari!
634 1750 756 1813 Sed
789 1749 868 1816 ad
902 1751 1312 1818 IACOBUM
1355 1752 1691 1832 redeamu3‚

274 1855 469 1944 quiin
501 1849 818 1914 clariffimo
860 1851 981 1914 hoc
1010 1852 1196 1916 Orbis
1218 1853 1488 1926 theatro,
1520 1852 1691 1916 uber-

270 1958 495 2021 rimum
517 1953 789 2018 reddidit
816 1953 1071 2021 trucium
1111 1958 1324 2020 arti-'um
1352 2007 1367 2032 ‚
1405 1975 1466 2020 et
1522 1954 1704 2019 disci*

273 2059 580 2147 plinarum
612 2106 627 2132 ‚
673 2056 903 2144 quibus
930 2060 995 2123 in
1028 2060 1285 2147 pueritia
1315 2059 1392 2120 ad
1428 2081 1691 2123 omnem

272 2166 561 2230 virtutem
581 2214 607 2239 „
627 2164 1144 2253 honestatemque
1170 2164 1356 2227 fuerat
1405 2161 1692 2227 informa-

273 2289 366 2335 tus
415 2267 915 2356 diligentiffime.
986 2267 1166 2331 Casta
1201 2264 1438 2354 semper
1505 2287 1690 2353 appa-

272 2376 387 2439 ruit
405 2376 470 2438 in
508 2376 620 2439 lllo
652 2371 1078 2448 mens,vcastus
1148 2373 1387 2435 animus
1425 2420 1440 2446 ,
1508 2370 1693 2433 mica-

274 2475 377 2545 bat
421 2477 490 2541 in
521 2480 624 2541 Eo.
661 2476 879 2562 religio
911 2525 927 2552 ‚
973 2477 1167 2564 pietas
1199 2525 1213 2550 ,
1266 2473 1466 2563 pudor
1502 2523 1525 2541 .,
1558 2475 1689 2537 Rex

1584 2600 1688 2641 na-
